%% LaTeX2e file `mybibliography.bib'
%% generated by the `filecontents' environment
%% from source `FancyArticleTemplate' on 2018/03/13.
%%
 @misc{rehfeld,
  AUTHOR      = "Stephan Rehfeld",
  TITLE           = "{Digitale Bilder}",
  HOWPUBLISHED    = "\url{https://public.beuth-hochschule.de/~rehfeld/lehre/2015/ss/digitale-bilder.pdf}",
  YEAR            = "2015"
 }
